{
  "productInfo": [
    {
      "name": "UHT Milk Soy",
      "url": "https://www.aldi.com.au/groceries/fresh-produce/dairy-eggs/dairy-eggs-detail/ps/p/uht-milk-soy-1l/",
      "img": "https://www.aldi.com.au/fileadmin/_processed_/1/8/csm_1002370-4_Q3_WEB_AUDIT_1x1_228x128_11_RET_4aba0af3c9.png",
      "price": 1.15,
      "quantity": 1,
      "unitPrice": 1.15
    },
    {
      "name": "UHT Milk Soy Light",
      "url": "https://www.aldi.com.au/groceries/fresh-produce/dairy-eggs/dairy-eggs-detail/ps/p/uht-milk-soy-light-1l/",
      "img": "https://www.aldi.com.au/fileadmin/_processed_/2/3/csm_1002370-4_Q3_WEB_AUDIT_1x1_228x128_12_RET_8261b983cd.png",
      "price": 1.15,
      "quantity": 1,
      "unitPrice": 1.15
    },
    {
      "name": "UHT Soy Organic Milk",
      "url": "https://www.aldi.com.au/groceries/fresh-produce/dairy-eggs/dairy-eggs-detail/ps/p/uht-soy-organic-milk-1l/",
      "img": "https://www.aldi.com.au/fileadmin/_processed_/8/d/csm_1002370-4_Q3_WEB_AUDIT_1x1_228x128_10_RET_cd52e4250f.png",
      "price": 1.49,
      "quantity": 1,
      "unitPrice": 1.49
    },
    {
      "name": "Farmdale Full Cream Milk UHT",
      "url": "https://www.aldi.com.au/groceries/fresh-produce/dairy-eggs/dairy-eggs-detail/ps/p/farmdale-full-cream-milk-uht-2l/",
      "img": "https://www.aldi.com.au/fileadmin/_processed_/4/c/csm_1003235_DIAA_AWARDS_UPDATE_1x1_228x128_4_RET_746d7ba8e5.png",
      "price": 3.09,
      "quantity": 2,
      "unitPrice": 1.55
    },
    {
      "name": "Farmdale Skim Milk UHT",
      "url": "https://www.aldi.com.au/groceries/fresh-produce/dairy-eggs/dairy-eggs-detail/ps/p/farmdale-skim-milk-uht-2l/",
      "img": "https://www.aldi.com.au/fileadmin/_processed_/3/9/csm_1003235_DIAA_AWARDS_UPDATE_1x1_228x128_5_RET_2ecb24e369.png",
      "price": 3.09,
      "quantity": 2,
      "unitPrice": 1.55
    },
    {
      "name": "Farmdale Full Cream Milk UHT",
      "url": "https://www.aldi.com.au/groceries/fresh-produce/dairy-eggs/dairy-eggs-detail/ps/p/farmdale-full-cream-milk-uht-1l/",
      "img": "https://www.aldi.com.au/fileadmin/_processed_/7/4/csm_1002370-4_Q3_WEB_AUDIT_1x1_228x128_4_RET_1840540b73.png",
      "price": 1.59,
      "quantity": 1,
      "unitPrice": 1.59
    },
    {
      "name": "Farmdale Light Milk UHT",
      "url": "https://www.aldi.com.au/groceries/fresh-produce/dairy-eggs/dairy-eggs-detail/ps/p/farmdale-light-milk-uht-1l/",
      "img": "https://www.aldi.com.au/fileadmin/_processed_/8/5/csm_1002370-4_Q3_WEB_AUDIT_1x1_228x128_5_RET_cac355df19.png",
      "price": 1.59,
      "quantity": 1,
      "unitPrice": 1.59
    },
    {
      "name": "Farmdale Skim Milk UHT",
      "url": "https://www.aldi.com.au/groceries/fresh-produce/dairy-eggs/dairy-eggs-detail/ps/p/farmdale-skim-milk-uht-1l/",
      "img": "https://www.aldi.com.au/fileadmin/_processed_/b/0/csm_1002370-4_Q3_WEB_AUDIT_1x1_228x128_6_RET_e5145c927d.png",
      "price": 1.59,
      "quantity": 1,
      "unitPrice": 1.59
    },
    {
      "name": "Farmdale Lactose Free UHT Milk",
      "url": "https://www.aldi.com.au/groceries/fresh-produce/dairy-eggs/dairy-eggs-detail/ps/p/farmdale-lactose-free-uht-milk-1l/",
      "img": "https://www.aldi.com.au/fileadmin/_processed_/b/6/csm_1002370-4_Q3_WEB_AUDIT_1x1_228x128_7_RET_3f0c93e06f.png",
      "price": 1.59,
      "quantity": 1,
      "unitPrice": 1.59
    },
    {
      "name": "Farmdale Lactose Free Low Fat UHT Milk",
      "url": "https://www.aldi.com.au/groceries/fresh-produce/dairy-eggs/dairy-eggs-detail/ps/p/farmdale-lactose-free-low-fat-uht-milk-1l/",
      "img": "https://www.aldi.com.au/fileadmin/_processed_/e/f/csm_1002370-4_Q3_WEB_AUDIT_1x1_228x128_8_RET_c96c15cb9f.png",
      "price": 1.59,
      "quantity": 1,
      "unitPrice": 1.59
    },
    {
      "name": "Milk UHT Almond Unsweetened",
      "url": "https://www.aldi.com.au/groceries/fresh-produce/dairy-eggs/dairy-eggs-detail/ps/p/milk-uht-almond-unsweetened-1l/",
      "img": "https://www.aldi.com.au/fileadmin/_processed_/c/1/csm_1002370-4_Q3_WEB_AUDIT_1x1_228x128_13_RET_139abb5f98.png",
      "price": 1.89,
      "quantity": 1,
      "unitPrice": 1.89
    },
    {
      "name": "Milk UHT Almond Original",
      "url": "https://www.aldi.com.au/groceries/fresh-produce/dairy-eggs/dairy-eggs-detail/ps/p/milk-uht-almond-original-1l/",
      "img": "https://www.aldi.com.au/fileadmin/_processed_/b/7/csm_1002370-4_Q3_WEB_AUDIT_1x1_228x128_14_RET_5a8328be01.png",
      "price": 1.89,
      "quantity": 1,
      "unitPrice": 1.89
    },
    {
      "name": "UHT Oat Milk",
      "url": "https://www.aldi.com.au/groceries/fresh-produce/dairy-eggs/dairy-eggs-detail/ps/p/uht-oat-milk-1l/",
      "img": "https://www.aldi.com.au/fileadmin/_processed_/5/d/csm_1002370-4_Q3_WEB_AUDIT_1x1_228x128_15_RET_f5f40eba96.png",
      "price": 1.89,
      "quantity": 1,
      "unitPrice": 1.89
    },
    {
      "name": "Inner Goodness Long Life Rice Milk",
      "url": "https://www.aldi.com.au/groceries/fresh-produce/dairy-eggs/dairy-eggs-detail/ps/p/inner-goodness-long-life-rice-milk-1l/",
      "img": "https://www.aldi.com.au/fileadmin/_processed_/9/3/csm_1002370-4_Q3_WEB_AUDIT_1x1_228x128_51_RET_d94363f8f4.png",
      "price": 1.99,
      "quantity": 1,
      "unitPrice": 1.99
    },
    {
      "name": "FARMDALE - Iced Coffee Flavoured Milk",
      "url": "https://www.aldi.com.au/groceries/fresh-produce/dairy-eggs/dairy-eggs-detail/ps/p/farmdale-iced-coffee-flavoured-milk-2l/",
      "img": "https://www.aldi.com.au/fileadmin/_processed_/5/9/csm_1003124-1_Q2-WEB-AUDIT__DAIRY__07_1x1_2a_RET_0ecc413dd0.jpg",
      "price": 3.99,
      "quantity": 2,
      "unitPrice": 2
    },
    {
      "name": "FARMDALE - Chocolate Flavoured Milk",
      "url": "https://www.aldi.com.au/groceries/fresh-produce/dairy-eggs/dairy-eggs-detail/ps/p/farmdale-chocolate-flavoured-milk-2l/",
      "img": "https://www.aldi.com.au/fileadmin/_processed_/a/4/csm_1003124-1_Q2-WEB-AUDIT__DAIRY__13_1x1_3a_RET_f0652cdfea.jpg",
      "price": 3.99,
      "quantity": 2,
      "unitPrice": 2
    },
    {
      "name": "Inner Goodness Soy Milk",
      "url": "https://www.aldi.com.au/groceries/fresh-produce/dairy-eggs/dairy-eggs-detail/ps/p/inner-goodness-soy-milk-1l/",
      "img": "https://www.aldi.com.au/fileadmin/_processed_/1/5/csm_1001605-3_1x1_Q4_WEB-AUDIT_DAIRY_228x128_15_3390251598.jpg",
      "price": 2.25,
      "quantity": 1,
      "unitPrice": 2.25
    },
    {
      "name": "Pick’d Orange Pulp",
      "url": "https://www.aldi.com.au/groceries/fresh-produce/dairy-eggs/dairy-eggs-detail/ps/p/pickd-orange-pulp-2l/",
      "img": "https://www.aldi.com.au/fileadmin/_processed_/c/f/csm_1002179-1_Q2_WEB_AUDIT_1x1_228x128_25_RET_29403bf5b4.png",
      "price": 4.69,
      "quantity": 2,
      "unitPrice": 2.35
    },
    {
      "name": "Pick’d Orange Pulp Free",
      "url": "https://www.aldi.com.au/groceries/fresh-produce/dairy-eggs/dairy-eggs-detail/ps/p/pickd-orange-pulp-free-2l/",
      "img": "https://www.aldi.com.au/fileadmin/_processed_/0/7/csm_1002179-1_Q2_WEB_AUDIT_1x1_228x128_26_RET_87681f10c0.png",
      "price": 4.69,
      "quantity": 2,
      "unitPrice": 2.35
    },
    {
      "name": "Pick'd Cloudy Apple",
      "url": "https://www.aldi.com.au/groceries/fresh-produce/dairy-eggs/dairy-eggs-detail/ps/p/pickd-cloudy-apple-2l/",
      "img": "https://www.aldi.com.au/fileadmin/_processed_/c/b/csm_1002370-4_Q3_WEB_AUDIT_1x1_228x128_39_RET_999fc73b8c.png",
      "price": 4.69,
      "quantity": 2,
      "unitPrice": 2.35
    },
    {
      "name": "Pick'd Apple Mango",
      "url": "https://www.aldi.com.au/groceries/fresh-produce/dairy-eggs/dairy-eggs-detail/ps/p/pickd-apple-mango-2l/",
      "img": "https://www.aldi.com.au/fileadmin/_processed_/1/3/csm_1002370-4_Q3_WEB_AUDIT_1x1_228x128_38_RET_ce99236e8a.png",
      "price": 4.99,
      "quantity": 2,
      "unitPrice": 2.5
    },
    {
      "name": "Market Fare Garden Frozen Peas",
      "url": "https://www.aldi.com.au/groceries/freezer/freezer-detail/ps/p/market-fare-garden-peas-1kg-3/",
      "img": "https://www.aldi.com.au/fileadmin/_processed_/4/a/csm_ALN2853_AWARDS_FROZEN_FOOD_1x1_228x128_3_d7488acded.jpg",
      "price": 2.59,
      "quantity": 1,
      "unitPrice": 2.59
    },
    {
      "name": "Vanilla Flavoured Custard",
      "url": "https://www.aldi.com.au/groceries/fresh-produce/dairy-eggs/dairy-eggs-detail/ps/p/vanilla-flavoured-custard-1kg/",
      "img": "https://www.aldi.com.au/fileadmin/_processed_/7/6/csm_1000855_ALN-10_1x1_Q1_WEB-AUDIT_228x128_15_f6102ef229.jpg",
      "price": 2.59,
      "quantity": 0.996,
      "unitPrice": 2.6
    },
    {
      "name": "Market Fare Green Frozen Beans",
      "url": "https://www.aldi.com.au/groceries/freezer/freezer-detail/ps/p/market-fare-green-beans-1kg/",
      "img": "https://www.aldi.com.au/fileadmin/_processed_/f/0/csm_ALN2853_AWARDS_FROZEN_FOOD_1x1_228x128_5_ef2f28832d.jpg",
      "price": 2.79,
      "quantity": 1,
      "unitPrice": 2.79
    },
    {
      "name": "Maximus Blue Sports Drink",
      "url": "https://www.aldi.com.au/groceries/limited-time-only/limited-time-only-detail-1/ps/p/maximus-blue-sports-drink-1l/",
      "img": "https://www.aldi.com.au/fileadmin/_processed_/e/6/csm_1003319-6_LTO_1x1_228x128_34_RET_609ce7156e.png",
      "price": 2.79,
      "quantity": 1,
      "unitPrice": 2.79
    },
    {
      "name": "Maximus Grape Sports Drink",
      "url": "https://www.aldi.com.au/groceries/limited-time-only/limited-time-only-detail-1/ps/p/maximus-grape-sports-drink-1l/",
      "img": "https://www.aldi.com.au/fileadmin/_processed_/5/1/csm_1003319-6_LTO_1x1_228x128_35_RET_92ea646040.png",
      "price": 2.79,
      "quantity": 1,
      "unitPrice": 2.79
    },
    {
      "name": "Inner Goodness Almond Milk",
      "url": "https://www.aldi.com.au/groceries/fresh-produce/dairy-eggs/dairy-eggs-detail/ps/p/inner-goodness-almond-milk-1l/",
      "img": "https://www.aldi.com.au/fileadmin/_processed_/a/6/csm_1001605-3_1x1_Q4_WEB-AUDIT_DAIRY_228x128_16_4678124e2a.jpg",
      "price": 2.79,
      "quantity": 1,
      "unitPrice": 2.79
    },
    {
      "name": "Farmdale Lactose Free Full Cream Milk",
      "url": "https://www.aldi.com.au/groceries/fresh-produce/dairy-eggs/dairy-eggs-detail/ps/p/farmdale-lactose-free-full-cream-milk-1l-1/",
      "img": "https://www.aldi.com.au/fileadmin/_processed_/9/d/csm_1000855_ALN-10_1x1_Q1_WEB-AUDIT_228x128_37_6934e81d52.jpg",
      "price": 2.79,
      "quantity": 1,
      "unitPrice": 2.79
    },
    {
      "name": "Inner Goodness - Barista Long Life Oat Milk",
      "url": "https://www.aldi.com.au/groceries/fresh-produce/dairy-eggs/dairy-eggs-detail/ps/p/inner-goodness-barista-long-life-oat-milk-1l/",
      "img": "https://www.aldi.com.au/fileadmin/_processed_/2/8/csm_1002370-4_Q3_WEB_AUDIT_1x1_228x128_48_RET_44c18cdc82.png",
      "price": 2.99,
      "quantity": 1,
      "unitPrice": 2.99
    },
    {
      "name": "Sunnyvale Table Spread",
      "url": "https://www.aldi.com.au/groceries/fresh-produce/dairy-eggs/dairy-eggs-detail/ps/p/sunnyvale-table-spread-1kg/",
      "img": "https://www.aldi.com.au/fileadmin/_processed_/e/6/csm_1000855_ALN-10_1x1_Q1_WEB-AUDIT_228x128_43_1412f89407.jpg",
      "price": 2.99,
      "quantity": 0.997,
      "unitPrice": 3
    },
    {
      "name": "Pick'd Orange Pulp",
      "url": "https://www.aldi.com.au/groceries/fresh-produce/dairy-eggs/dairy-eggs-detail/ps/p/pickd-orange-pulp-1l/",
      "img": "https://www.aldi.com.au/fileadmin/_processed_/8/5/csm_1002370-4_Q3_WEB_AUDIT_1x1_228x128_40_RET_15abaae65b.png",
      "price": 3.49,
      "quantity": 1,
      "unitPrice": 3.49
    },
    {
      "name": "Market Fare Frozen Spinach",
      "url": "https://www.aldi.com.au/groceries/freezer/freezer-detail/ps/p/market-fare-spinach-250g-2/",
      "img": "https://www.aldi.com.au/fileadmin/_processed_/a/d/csm_ALN2853_AWARDS_FROZEN_FOOD_1x1_228x128_7_112e57f343.jpg",
      "price": 0.89,
      "quantity": 0.25,
      "unitPrice": 3.56
    },
    {
      "name": "Brooklea Joi Mango Yogurt",
      "url": "https://www.aldi.com.au/groceries/fresh-produce/dairy-eggs/dairy-eggs-detail/ps/p/brooklea-joi-mango-yogurt-1kg/",
      "img": "https://www.aldi.com.au/fileadmin/_processed_/9/e/csm_1001829-2_Q1-WEB-AUDIT_DAIRY-EGGS_1x1_228x128_5_RET_5b74b46ba0.png",
      "price": 3.79,
      "quantity": 0.997,
      "unitPrice": 3.8
    },
    {
      "name": "Brooklea Family Lite Yogurt",
      "url": "https://www.aldi.com.au/groceries/fresh-produce/dairy-eggs/dairy-eggs-detail/ps/p/brooklea-family-lite-yogurt-1kg/",
      "img": "https://www.aldi.com.au/fileadmin/_processed_/4/b/csm_1001829-2_Q1-WEB-AUDIT_DAIRY-EGGS_1x1_228x128_6_RET_e1e93a88f5.png",
      "price": 3.79,
      "quantity": 0.997,
      "unitPrice": 3.8
    },
    {
      "name": "Flying Power Original Energy Drink",
      "url": "https://www.aldi.com.au/groceries/limited-time-only/limited-time-only-detail-1/ps/p/flying-power-original-energy-drink-500ml/",
      "img": "https://www.aldi.com.au/fileadmin/_processed_/2/1/csm_1003319-6_LTO_1x1_228x128_38_RET_a0480edf37.png",
      "price": 1.99,
      "quantity": 0.5,
      "unitPrice": 3.98
    },
    {
      "name": "Flying Power Energy Drink 99% Sugar Free",
      "url": "https://www.aldi.com.au/groceries/limited-time-only/limited-time-only-detail-1/ps/p/flying-power-energy-drink-99-sugar-free-500ml/",
      "img": "https://www.aldi.com.au/fileadmin/_processed_/c/7/csm_1003319-6_LTO_1x1_228x128_39_RET_4a21a68c37.png",
      "price": 1.99,
      "quantity": 0.5,
      "unitPrice": 3.98
    },
    {
      "name": "Market Fare Frozen Corn Kernels",
      "url": "https://www.aldi.com.au/groceries/freezer/freezer-detail/ps/p/market-fare-corn-kernels-1kg-1/",
      "img": "https://www.aldi.com.au/fileadmin/_processed_/a/2/csm_ALN2853_AWARDS_FROZEN_FOOD_1x1_228x128_2_a10d03312c.jpg",
      "price": 4.19,
      "quantity": 1,
      "unitPrice": 4.19
    },
    {
      "name": "Market Fare Peas, Carrots & Corn",
      "url": "https://www.aldi.com.au/groceries/freezer/freezer-detail/ps/p/market-fare-peas-carrots-corn-1kg-2/",
      "img": "https://www.aldi.com.au/fileadmin/_processed_/a/b/csm_ALN2853_AWARDS_FROZEN_FOOD_1x1_228x128_4_fff169ddd9.jpg",
      "price": 4.19,
      "quantity": 1,
      "unitPrice": 4.19
    },
    {
      "name": "Market Fare Winter Vegetables",
      "url": "https://www.aldi.com.au/groceries/freezer/freezer-detail/ps/p/market-fare-winter-vegetables-1kg-2/",
      "img": "https://www.aldi.com.au/fileadmin/_processed_/1/8/csm_ALN3354_Q2-WEB-AUDIT_1x1_228x128_23_fa84af8a9c.jpg",
      "price": 4.19,
      "quantity": 1,
      "unitPrice": 4.19
    },
    {
      "name": "Chocolate Stampede Dairy Snack",
      "url": "https://www.aldi.com.au/groceries/fresh-produce/dairy-eggs/dairy-eggs-detail/ps/p/chocolate-stampede-dairy-snack-12pk/",
      "img": "https://www.aldi.com.au/fileadmin/_processed_/2/4/csm_1000855_ALN-10_1x1_Q1_WEB-AUDIT_228x128_14_88f1cbae96.jpg",
      "price": 4.99,
      "quantity": 1.188,
      "unitPrice": 4.2
    },
    {
      "name": "Market Fare Baby Peas",
      "url": "https://www.aldi.com.au/groceries/freezer/freezer-detail/ps/p/market-fare-baby-peas-1kg/",
      "img": "https://www.aldi.com.au/fileadmin/_processed_/3/3/csm_1001605-7_1x1_Q4_WEB-AUDIT_FREEZER_228x128_1_319014cbbc.jpg",
      "price": 4.29,
      "quantity": 1,
      "unitPrice": 4.29
    },
    {
      "name": "Brooklea Joi Deluxe Yogurt Classics 6 x",
      "url": "https://www.aldi.com.au/groceries/fresh-produce/dairy-eggs/dairy-eggs-detail/ps/p/brooklea-joi-deluxe-yogurt-classics-6-x-150g/",
      "img": "https://www.aldi.com.au/fileadmin/_processed_/c/b/csm_1001829-2_Q1-WEB-AUDIT_DAIRY-EGGS_1x1_228x128_11_RET_67b41a9654.png",
      "price": 3.99,
      "quantity": 0.907,
      "unitPrice": 4.4
    },
    {
      "name": "Farmdale Sweetened Condensed Milk",
      "url": "https://www.aldi.com.au/groceries/fresh-produce/dairy-eggs/dairy-eggs-detail/ps/p/farmdale-sweetened-condensed-milk-397g/",
      "img": "https://www.aldi.com.au/fileadmin/_processed_/c/e/csm_1002370-4_Q3_WEB_AUDIT_1x1_228x128_52_RET_4d59f7aa1b.png",
      "price": 1.79,
      "quantity": 0.397,
      "unitPrice": 4.5
    },
    {
      "name": "CHAMP Iced Coffee Flavoured Milk",
      "url": "https://www.aldi.com.au/groceries/fresh-produce/dairy-eggs/dairy-eggs-detail/ps/p/champ-iced-coffee-flavoured-milk-600ml/",
      "img": "https://www.aldi.com.au/fileadmin/_processed_/b/a/csm_1001349_ALN-1_1x1_Q3_WEB-AUDIT_228x128_29_d1ac7edcfe.jpg",
      "price": 2.79,
      "quantity": 0.6,
      "unitPrice": 4.65
    },
    {
      "name": "CHAMP Chocolate Flavoured Milk",
      "url": "https://www.aldi.com.au/groceries/fresh-produce/dairy-eggs/dairy-eggs-detail/ps/p/champ-chocolate-flavoured-milk-600ml/",
      "img": "https://www.aldi.com.au/fileadmin/_processed_/1/3/csm_1001349_ALN-1_1x1_Q3_WEB-AUDIT_228x128_28_35e3db5199.jpg",
      "price": 2.79,
      "quantity": 0.6,
      "unitPrice": 4.65
    },
    {
      "name": "Farmdale Evaporated Milk",
      "url": "https://www.aldi.com.au/groceries/fresh-produce/dairy-eggs/dairy-eggs-detail/ps/p/farmdale-evaporated-milk-384ml/",
      "img": "https://www.aldi.com.au/fileadmin/_processed_/c/7/csm_1002370-4_Q3_WEB_AUDIT_1x1_228x128_53_RET_17df945344.png",
      "price": 1.89,
      "quantity": 0.384,
      "unitPrice": 4.92
    },
    {
      "name": "Beautifully Butterfully Caterer’s Selection Buttery Spread",
      "url": "https://www.aldi.com.au/groceries/fresh-produce/dairy-eggs/dairy-eggs-detail/ps/p/beautifully-butterfully-caterers-selection-buttery/",
      "img": "https://www.aldi.com.au/fileadmin/_processed_/6/4/csm_ALN3354_Q2-WEB-AUDIT_1x1_228x128_16_c707222e28.jpg",
      "price": 4.99,
      "quantity": 1,
      "unitPrice": 5
    },
    {
      "name": "Brooklea Organic Natural Yogurt",
      "url": "https://www.aldi.com.au/groceries/fresh-produce/dairy-eggs/dairy-eggs-detail/ps/p/brooklea-organic-natural-yogurt-1kg/",
      "img": "https://www.aldi.com.au/fileadmin/_processed_/2/9/csm_1001829-2_Q1-WEB-AUDIT_DAIRY-EGGS_1x1_228x128_7_RET_ae10244ff1.png",
      "price": 4.99,
      "quantity": 1,
      "unitPrice": 5
    },
    {
      "name": "Brooklea Organic Vanilla Bean Yogurt",
      "url": "https://www.aldi.com.au/groceries/fresh-produce/dairy-eggs/dairy-eggs-detail/ps/p/brooklea-organic-vanilla-bean-yogurt-1kg/",
      "img": "https://www.aldi.com.au/fileadmin/_processed_/b/1/csm_1001829-2_Q1-WEB-AUDIT_DAIRY-EGGS_1x1_228x128_8_RET_bf8d82ff9f.png",
      "price": 4.99,
      "quantity": 0.998,
      "unitPrice": 5
    },
    {
      "name": "Market Fare Frozen Stir Fry Vegetables",
      "url": "https://www.aldi.com.au/groceries/freezer/freezer-detail/ps/p/market-fare-stir-fry-vegetables-850g/",
      "img": "https://www.aldi.com.au/fileadmin/_processed_/d/3/csm_ALN2853_FROZEN_FOOD_1x1_228x128_2_87012b7979.jpg",
      "price": 4.29,
      "quantity": 0.85,
      "unitPrice": 5.05
    },
    {
      "name": "Sunnyvale Original Spread",
      "url": "https://www.aldi.com.au/groceries/fresh-produce/dairy-eggs/dairy-eggs-detail/ps/p/sunnyvale-original-spread-500g/",
      "img": "https://www.aldi.com.au/fileadmin/_processed_/4/c/csm_1000855_ALN-10_1x1_Q1_WEB-AUDIT_228x128_41_31a3895187.jpg",
      "price": 2.69,
      "quantity": 0.5,
      "unitPrice": 5.4
    },
    {
      "name": "Lyttos Greek Style Natural Yogurt",
      "url": "https://www.aldi.com.au/groceries/fresh-produce/dairy-eggs/dairy-eggs-detail/ps/p/lyttos-greek-style-natural-yogurt-2kg-3/",
      "img": "https://www.aldi.com.au/fileadmin/_processed_/f/2/csm_1001829-2_Q1-WEB-AUDIT_DAIRY-EGGS_1x1_228x128_4_RET_360267f1c1.png",
      "price": 10.99,
      "quantity": 1.998,
      "unitPrice": 5.5
    },
    {
      "name": "International Cuisine Beef Lasagne",
      "url": "https://www.aldi.com.au/groceries/freezer/freezer-detail/ps/p/international-cuisine-beef-lasagne-2kg/",
      "img": "https://www.aldi.com.au/fileadmin/_processed_/9/5/csm_ALN3708_Q4-WEB_NEW-1x1_228x128_14_cf2406d809.jpg",
      "price": 11.49,
      "quantity": 2,
      "unitPrice": 5.7
    },
    {
      "name": "Market Fare Broccoli",
      "url": "https://www.aldi.com.au/groceries/freezer/freezer-detail/ps/p/market-fare-broccoli-500g-1/",
      "img": "https://www.aldi.com.au/fileadmin/_processed_/c/b/csm_ALN2853_AWARDS_FROZEN_FOOD_1x1_228x128_6_e7949ebbff.jpg",
      "price": 2.99,
      "quantity": 0.5,
      "unitPrice": 5.98
    },
    {
      "name": "Premiere Indulgent Tropical",
      "url": "https://www.aldi.com.au/groceries/fresh-produce/dairy-eggs/dairy-eggs-detail/ps/p/premiere-indulgent-tropical-990g/",
      "img": "https://www.aldi.com.au/fileadmin/_processed_/f/3/csm_1002370-4_Q3_WEB_AUDIT_1x1_228x128_44_RET_624dbfa503.png",
      "price": 5.99,
      "quantity": 0.99,
      "unitPrice": 6.1
    },
    {
      "name": "Premiere Indulgent Vanilla Bean",
      "url": "https://www.aldi.com.au/groceries/fresh-produce/dairy-eggs/dairy-eggs-detail/ps/p/premiere-indulgent-vanilla-bean-990g/",
      "img": "https://www.aldi.com.au/fileadmin/_processed_/6/d/csm_1002370-4_Q3_WEB_AUDIT_1x1_228x128_45_RET_0ed07a621e.png",
      "price": 5.99,
      "quantity": 0.99,
      "unitPrice": 6.1
    },
    {
      "name": "Premiere Indulgent Mix Berry",
      "url": "https://www.aldi.com.au/groceries/fresh-produce/dairy-eggs/dairy-eggs-detail/ps/p/premiere-indulgent-mix-berry-990g/",
      "img": "https://www.aldi.com.au/fileadmin/_processed_/0/c/csm_1002370-4_Q3_WEB_AUDIT_1x1_228x128_46_RET_7131f78c1f.png",
      "price": 5.99,
      "quantity": 0.99,
      "unitPrice": 6.1
    },
    {
      "name": "Brooklea Greek Style Yoghurt No Added Sugar",
      "url": "https://www.aldi.com.au/groceries/fresh-produce/dairy-eggs/dairy-eggs-detail/ps/p/brooklea-greek-style-yoghurt-no-added-sugar-750g/",
      "img": "https://www.aldi.com.au/fileadmin/_processed_/b/0/csm_1001829-2_Q1-WEB-AUDIT_DAIRY-EGGS_1x1_228x128_3_RET_105e277d6c.png",
      "price": 4.99,
      "quantity": 0.745,
      "unitPrice": 6.7
    },
    {
      "name": "Lodge Farms Barn Laid Eggs",
      "url": "https://www.aldi.com.au/groceries/fresh-produce/dairy-eggs/dairy-eggs-detail/ps/p/lodge-farms-barn-laid-eggs-12pk/700g/",
      "img": "https://www.aldi.com.au/fileadmin/_processed_/a/2/csm_1002807-6_Q1-WEB-AUDIT_1x1__DAIRY-EGGS__228x128_2_RET_36c0eadf45.png",
      "price": 4.79,
      "quantity": 0.7,
      "unitPrice": 6.8
    },
    {
      "name": "Sunnyvale Olive Spread Regular",
      "url": "https://www.aldi.com.au/groceries/fresh-produce/dairy-eggs/dairy-eggs-detail/ps/p/sunnyvale-olive-spread-regular-500g/",
      "img": "https://www.aldi.com.au/fileadmin/_processed_/e/e/csm_1000855_ALN-10_1x1_Q1_WEB-AUDIT_228x128_39_79f67993a0.jpg",
      "price": 3.49,
      "quantity": 0.5,
      "unitPrice": 7
    },
    {
      "name": "Sunnyvale Olive Spread Light",
      "url": "https://www.aldi.com.au/groceries/fresh-produce/dairy-eggs/dairy-eggs-detail/ps/p/sunnyvale-olive-spread-light-500g/",
      "img": "https://www.aldi.com.au/fileadmin/_processed_/c/4/csm_1000855_ALN-10_1x1_Q1_WEB-AUDIT_228x128_40_1606febceb.jpg",
      "price": 3.49,
      "quantity": 0.5,
      "unitPrice": 7
    },
    {
      "name": "Lodge Farms Extra Large Free Range Eggs",
      "url": "https://www.aldi.com.au/groceries/fresh-produce/dairy-eggs/dairy-eggs-detail/ps/p/lodge-farms-extra-large-free-range-eggs-12pk700g/",
      "img": "https://www.aldi.com.au/fileadmin/_processed_/4/8/csm_1001829-2_Q1-WEB-AUDIT_DAIRY-EGGS_1x1_228x128_2_RET_b1edd22128.png",
      "price": 5.19,
      "quantity": 0.7,
      "unitPrice": 7.4
    },
    {
      "name": "FARMDALE Thickened Cream",
      "url": "https://www.aldi.com.au/groceries/fresh-produce/dairy-eggs/dairy-eggs-detail/ps/p/farmdale-thickened-cream-600ml-1/",
      "img": "https://www.aldi.com.au/fileadmin/_processed_/6/4/csm_1001349_ALN-1_1x1_Q3_WEB-AUDIT_228x128_30_0db32237f1.jpg",
      "price": 4.49,
      "quantity": 0.6,
      "unitPrice": 7.5
    },
    {
      "name": "Casa Barelli Cherry Tomato Pasta Sauce",
      "url": "https://www.aldi.com.au/groceries/limited-time-only/limited-time-only-detail-1/ps/p/casa-barelli-cherry-tomato-pasta-sauce-420g-1/",
      "img": "https://www.aldi.com.au/fileadmin/_processed_/b/f/csm_1003319-6_LTO_1x1_228x128_27_RET_e0df2b2931.png",
      "price": 3.29,
      "quantity": 0.42,
      "unitPrice": 7.8
    },
    {
      "name": "Premiere Fruit Swirl Blueberry Yogurt",
      "url": "https://www.aldi.com.au/groceries/fresh-produce/dairy-eggs/dairy-eggs-detail/ps/p/premiere-fruit-swirl-blueberry-yogurt-700g/",
      "img": "https://www.aldi.com.au/fileadmin/_processed_/9/c/csm_1003124-1_Q2-WEB-AUDIT__DAIRY__01_1x1_1a_RET_b12effb170.jpg",
      "price": 5.49,
      "quantity": 0.7,
      "unitPrice": 7.8
    },
    {
      "name": "Premiere Fruit Swirl Blood Mango Orange Yogurt",
      "url": "https://www.aldi.com.au/groceries/fresh-produce/dairy-eggs/dairy-eggs-detail/ps/p/premiere-fruit-swirl-blood-mango-orange-yogurt-700g/",
      "img": "https://www.aldi.com.au/fileadmin/_processed_/b/2/csm_1003124-1_Q2-WEB-AUDIT__DAIRY__25_1x1_6a_RET_36629c71b0.jpg",
      "price": 5.49,
      "quantity": 0.7,
      "unitPrice": 7.8
    },
    {
      "name": "Ironbark Pork Boneless Pork Leg Roast per",
      "url": "https://www.aldi.com.au/groceries/super-savers/super-savers-detail/ps/p/ironbark-pork-boneless-pork-leg-roast-per-kg-1/",
      "img": "https://www.aldi.com.au/fileadmin/_processed_/8/a/csm_1003350-1_AUG_SS_B2_1x1__PORK__228x128_RET_020679febe.png",
      "price": 7.99,
      "quantity": 1,
      "unitPrice": 7.99
    },
    {
      "name": "Kāpiti Affogato Ice Cream",
      "url": "https://www.aldi.com.au/groceries/limited-time-only/limited-time-only-detail-1/ps/p/kapiti-affogato-ice-cream-1l/",
      "img": "https://www.aldi.com.au/fileadmin/_processed_/e/3/csm_1003319-6_LTO_1x1_228x128_6_RET_604ca05f3f.png",
      "price": 7.99,
      "quantity": 1,
      "unitPrice": 8
    },
    {
      "name": "Kāpiti White Chocolate & Raspberry Ice Cream",
      "url": "https://www.aldi.com.au/groceries/limited-time-only/limited-time-only-detail-1/ps/p/kapiti-white-chocolate-raspberry-ice-cream-1l/",
      "img": "https://www.aldi.com.au/fileadmin/_processed_/6/c/csm_1003319-6_LTO_1x1_228x128_13_RET_698107e490.png",
      "price": 7.99,
      "quantity": 1,
      "unitPrice": 8
    },
    {
      "name": "Kāpiti Marlborough Salted Caramel Ice Cream",
      "url": "https://www.aldi.com.au/groceries/limited-time-only/limited-time-only-detail-1/ps/p/kapiti-marlborough-salted-caramel-ice-cream-1l/",
      "img": "https://www.aldi.com.au/fileadmin/_processed_/1/8/csm_1003319-6_LTO_1x1_228x128_14_RET_4db1bb0ca4.png",
      "price": 7.99,
      "quantity": 1,
      "unitPrice": 8
    },
    {
      "name": "Lodge Farms Large Free Range Eggs",
      "url": "https://www.aldi.com.au/groceries/fresh-produce/dairy-eggs/dairy-eggs-detail/ps/p/lodge-farms-large-free-range-eggs-12pk600g/",
      "img": "https://www.aldi.com.au/fileadmin/_processed_/b/8/csm_1001829-2_Q1-WEB-AUDIT_DAIRY-EGGS_1x1_228x128_1_RET_9c6e565848.png",
      "price": 4.99,
      "quantity": 0.6,
      "unitPrice": 8.3
    },
    {
      "name": "Seasons Pride Hash Brown Rings with Onion",
      "url": "https://www.aldi.com.au/groceries/limited-time-only/limited-time-only-detail-1/ps/p/seasons-pride-hash-brown-rings-with-onion-600g/",
      "img": "https://www.aldi.com.au/fileadmin/_processed_/5/8/csm_1003319-6_LTO_1x1_228x128_30_RET_1cdbb2b0c4.png",
      "price": 4.99,
      "quantity": 0.6,
      "unitPrice": 8.32
    },
    {
      "name": "Farmdale Full Cream Milk Powder",
      "url": "https://www.aldi.com.au/groceries/fresh-produce/dairy-eggs/dairy-eggs-detail/ps/p/farmdale-full-cream-milk-powder-1kg-1/",
      "img": "https://www.aldi.com.au/fileadmin/_processed_/8/b/csm_1002370-4_Q3_WEB_AUDIT_1x1_228x128_9_RET_3528decb5e.png",
      "price": 8.49,
      "quantity": 1,
      "unitPrice": 8.5
    },
    {
      "name": "Market Fare Cauliflower Bake or Broccoli Bake",
      "url": "https://www.aldi.com.au/groceries/freezer/freezer-detail/ps/p/market-fare-cauliflower-or-broccoli-bake-800g/",
      "img": "https://www.aldi.com.au/fileadmin/_processed_/b/6/csm_ALN2853_AWARDS_FROZEN_FOOD_1x1_228x128_8_9167884696.jpg",
      "price": 6.99,
      "quantity": 0.8,
      "unitPrice": 8.74
    },
    {
      "name": "Market Fare Potato Bake",
      "url": "https://www.aldi.com.au/groceries/freezer/freezer-detail/ps/p/market-fare-potato-bake-800g/",
      "img": "https://www.aldi.com.au/fileadmin/_processed_/6/b/csm_1002370-4_Q3_WEB_AUDIT_1x1_228x128_56_RET_d1b36f1371.png",
      "price": 6.99,
      "quantity": 0.8,
      "unitPrice": 8.74
    },
    {
      "name": "Westacre Dairy Smooth Ricotta",
      "url": "https://www.aldi.com.au/groceries/fresh-produce/dairy-eggs/dairy-eggs-detail/ps/p/westacre-dairy-smooth-ricotta-375g/",
      "img": "https://www.aldi.com.au/fileadmin/_processed_/f/c/csm_1002370-4_Q3_WEB_AUDIT_1x1_228x128_2_RET_442c65e4b8.png",
      "price": 3.29,
      "quantity": 0.375,
      "unitPrice": 8.77
    },
    {
      "name": "Food Envy Rice Pudding Vanilla Bean 2 x",
      "url": "https://www.aldi.com.au/groceries/fresh-produce/dairy-eggs/dairy-eggs-detail/ps/p/food-envy-rice-pudding-vanilla-bean-2-x-170g/",
      "img": "https://www.aldi.com.au/fileadmin/_processed_/f/c/csm_ALN3354_Q2-WEB-AUDIT_1x1_228x128_19_3224bd2e94.jpg",
      "price": 2.99,
      "quantity": 0.34,
      "unitPrice": 8.8
    },
    {
      "name": "Sunnyvale Cholesterol Spread",
      "url": "https://www.aldi.com.au/groceries/fresh-produce/dairy-eggs/dairy-eggs-detail/ps/p/sunnyvale-cholesterol-spread-500g/",
      "img": "https://www.aldi.com.au/fileadmin/_processed_/c/2/csm_1000855_ALN-10_1x1_Q1_WEB-AUDIT_228x128_42_fdd5e03db0.jpg",
      "price": 4.49,
      "quantity": 0.5,
      "unitPrice": 9
    },
    {
      "name": "Westacre Dairy Wrapped Cheese Slices",
      "url": "https://www.aldi.com.au/groceries/fresh-produce/dairy-eggs/dairy-eggs-detail/ps/p/westacre-dairy-wrapped-cheese-slices-432g-1/",
      "img": "https://www.aldi.com.au/fileadmin/_processed_/5/2/csm_1002370-4_Q3_WEB_AUDIT_1x1_228x128_17_RET_ce3ade5b6d.png",
      "price": 3.99,
      "quantity": 0.432,
      "unitPrice": 9.24
    },
    {
      "name": "Westacre Dairy Wrapped Cheese Slices",
      "url": "https://www.aldi.com.au/groceries/fresh-produce/dairy-eggs/dairy-eggs-detail/ps/p/westacre-dairy-wrapped-cheese-slices-432g/",
      "img": "https://www.aldi.com.au/fileadmin/_processed_/8/3/csm_1002370-4_Q3_WEB_AUDIT_1x1_228x128_18_RET_fceefbd8b2.png",
      "price": 3.99,
      "quantity": 0.432,
      "unitPrice": 9.24
    },
    {
      "name": "FARMDALE Light Thickened Cream",
      "url": "https://www.aldi.com.au/groceries/fresh-produce/dairy-eggs/dairy-eggs-detail/ps/p/farmdale-light-thickened-cream-300ml/",
      "img": "https://www.aldi.com.au/fileadmin/_processed_/9/a/csm_1001349_ALN-1_1x1_Q3_WEB-AUDIT_228x128_31_085e977115.jpg",
      "price": 2.79,
      "quantity": 0.3,
      "unitPrice": 9.3
    },
    {
      "name": "Farmdale Pouring Cream",
      "url": "https://www.aldi.com.au/groceries/fresh-produce/dairy-eggs/dairy-eggs-detail/ps/p/farmdale-pouring-cream-300ml/",
      "img": "https://www.aldi.com.au/fileadmin/_processed_/9/3/csm_1003235_DIAA_AWARDS_UPDATE_1x1_228x128_6_RET_883c2bd04a.png",
      "price": 2.79,
      "quantity": 0.3,
      "unitPrice": 9.3
    },
    {
      "name": "Farmdale Thickened Cream",
      "url": "https://www.aldi.com.au/groceries/fresh-produce/dairy-eggs/dairy-eggs-detail/ps/p/farmdale-thickened-cream-300ml/",
      "img": "https://www.aldi.com.au/fileadmin/_processed_/f/7/csm_1003235_DIAA_AWARDS_UPDATE_1x1_228x128_7_RET_6a724423bf.png",
      "price": 2.79,
      "quantity": 0.3,
      "unitPrice": 9.3
    },
    {
      "name": "Westacre Dairy Tasty Cheese Block",
      "url": "https://www.aldi.com.au/groceries/fresh-produce/dairy-eggs/dairy-eggs-detail/ps/p/westacre-dairy-tasty-cheese-block-1kg/",
      "img": "https://www.aldi.com.au/fileadmin/_processed_/f/6/csm_1001605-3_1x1_Q4_WEB-AUDIT_DAIRY_228x128_13_fdcbf84fef.jpg",
      "price": 9.49,
      "quantity": 1,
      "unitPrice": 9.49
    },
    {
      "name": "House of Yum Hot ‘n‘ Spicy Noodles",
      "url": "https://www.aldi.com.au/groceries/limited-time-only/limited-time-only-detail-1/ps/p/house-of-yum-hot-n-spicy-noodles-4pk/520g/",
      "img": "https://www.aldi.com.au/fileadmin/_processed_/c/0/csm_1003319-6_LTO_1x1_228x128_2_RET_8245772cc6.png",
      "price": 4.99,
      "quantity": 0.52,
      "unitPrice": 9.6
    },
    {
      "name": "Beautifully Butterfully Dairy Spread",
      "url": "https://www.aldi.com.au/groceries/fresh-produce/dairy-eggs/dairy-eggs-detail/ps/p/beautifully-butterfully-dairy-spread-500g/",
      "img": "https://www.aldi.com.au/fileadmin/_processed_/0/7/csm_1001829-2_Q1-WEB-AUDIT_DAIRY-EGGS_1x1_228x128_14_RET_a28b526f5a.png",
      "price": 4.79,
      "quantity": 0.499,
      "unitPrice": 9.6
    },
    {
      "name": "Seasons Pride Gravy Flavoured Potato Gratin",
      "url": "https://www.aldi.com.au/groceries/limited-time-only/limited-time-only-detail-1/ps/p/seasons-pride-gravy-flavoured-potato-gratin-4pk/400g/",
      "img": "https://www.aldi.com.au/fileadmin/_processed_/5/1/csm_1003319-6_LTO_1x1_228x128_19_RET_9e29939153.png",
      "price": 3.99,
      "quantity": 0.4,
      "unitPrice": 9.98
    },
    {
      "name": "Ready, Set…Cook! Boneless Butterflied RSPCA Approved Chicken per",
      "url": "https://www.aldi.com.au/groceries/super-savers/super-savers-detail/ps/p/ready-setcook-boneless-butterflied-rspca-approved-chicken-per-kg/",
      "img": "https://www.aldi.com.au/fileadmin/_processed_/7/9/csm_1003350-1_AUG_SS_B2_1x1__CHICKEN__228x128_RET_6497fc5ca1.png",
      "price": 9.99,
      "quantity": 1,
      "unitPrice": 9.99
    },
    {
      "name": "Farmwood Southwest Chicken Breast Pops",
      "url": "https://www.aldi.com.au/groceries/limited-time-only/limited-time-only-detail-1/ps/p/farmwood-southwest-chicken-breast-pops-1kg/",
      "img": "https://www.aldi.com.au/fileadmin/_processed_/6/7/csm_1003319-6_LTO_1x1_228x128_7_RET_060f5076aa.png",
      "price": 9.99,
      "quantity": 1,
      "unitPrice": 9.99
    },
    {
      "name": "Farmwood Buffalo Style Glazed Chicken Wing Nibbles",
      "url": "https://www.aldi.com.au/groceries/limited-time-only/limited-time-only-detail-1/ps/p/farmwood-buffalo-style-glazed-chicken-wing-nibbles-1kg/",
      "img": "https://www.aldi.com.au/fileadmin/_processed_/e/5/csm_1003319-6_LTO_1x1_228x128_8_RET_62cc098624.png",
      "price": 9.99,
      "quantity": 1,
      "unitPrice": 9.99
    },
    {
      "name": "Food Envy Crème Caramel 2 x",
      "url": "https://www.aldi.com.au/groceries/fresh-produce/dairy-eggs/dairy-eggs-detail/ps/p/food-envy-creme-caramel-2-x-150g-1/",
      "img": "https://www.aldi.com.au/fileadmin/_processed_/f/1/csm_ALN3248_Q1_WEB-AUDIT__DAIRY_EGGS__1x1_228x128_6_afa8574068.jpg",
      "price": 2.99,
      "quantity": 0.299,
      "unitPrice": 10
    },
    {
      "name": "FARMDALE Sour Cream",
      "url": "https://www.aldi.com.au/groceries/fresh-produce/dairy-eggs/dairy-eggs-detail/ps/p/farmdale-sour-cream-300g-1/",
      "img": "https://www.aldi.com.au/fileadmin/_processed_/0/f/csm_1001349_ALN-1_1x1_Q3_WEB-AUDIT_228x128_33_c9b85a10f3.jpg",
      "price": 3.19,
      "quantity": 0.3,
      "unitPrice": 10.6
    },
    {
      "name": "FARMDALE Light Sour Cream",
      "url": "https://www.aldi.com.au/groceries/fresh-produce/dairy-eggs/dairy-eggs-detail/ps/p/farmdale-light-sour-cream-300g/",
      "img": "https://www.aldi.com.au/fileadmin/_processed_/4/9/csm_1001349_ALN-1_1x1_Q3_WEB-AUDIT_228x128_34_9b804551df.jpg",
      "price": 3.19,
      "quantity": 0.3,
      "unitPrice": 10.6
    },
    {
      "name": "Manhattan Cottage Cheese",
      "url": "https://www.aldi.com.au/groceries/fresh-produce/dairy-eggs/dairy-eggs-detail/ps/p/manhattan-cottage-cheese-500g-1/",
      "img": "https://www.aldi.com.au/fileadmin/_processed_/f/5/csm_ALN2853_AWARDS_CHEESE_1x1_228x128_4_52a32c5c02.jpg",
      "price": 5.49,
      "quantity": 0.5,
      "unitPrice": 10.98
    },
    {
      "name": "Orchard & Vine Frozen Blueberries",
      "url": "https://www.aldi.com.au/groceries/freezer/freezer-detail/ps/p/orchard-vine-frozen-blueberries-500g/",
      "img": "https://www.aldi.com.au/fileadmin/_processed_/b/c/csm_1003124-4_Q2-WEB-AUDIT__FREEZER__01_1x1_1a_RET_4cc5e98715.jpg",
      "price": 5.69,
      "quantity": 0.5,
      "unitPrice": 11.38
    },
    {
      "name": "Brooklea No Added Sugar Pouch",
      "url": "https://www.aldi.com.au/groceries/fresh-produce/dairy-eggs/dairy-eggs-detail/ps/p/brooklea-no-added-sugar-pouch-110g/",
      "img": "https://www.aldi.com.au/fileadmin/_processed_/f/1/csm_1003124-1_Q2-WEB-AUDIT__DAIRY__31_1x1_7a_RET_af5e768f96.jpg",
      "price": 1.29,
      "quantity": 0.11,
      "unitPrice": 11.7
    },
    {
      "name": "Ready, Set…Cook! Pork Knuckle per",
      "url": "https://www.aldi.com.au/groceries/limited-time-only/limited-time-only-detail-1/ps/p/ready-setcook-pork-knuckle-per-kg/",
      "img": "https://www.aldi.com.au/fileadmin/_processed_/d/a/csm_1003319-6_LTO_1x1_228x128_17_RET_5b9bb714f8.png",
      "price": 11.99,
      "quantity": 1,
      "unitPrice": 11.99
    },
    {
      "name": "Urban Eats Japanese Style Ramen Soup Kit",
      "url": "https://www.aldi.com.au/groceries/limited-time-only/limited-time-only-detail-1/ps/p/urban-eats-japanese-style-ramen-soup-kit-405g/",
      "img": "https://www.aldi.com.au/fileadmin/_processed_/7/1/csm_1003003_7_LTO_Q2_1x1_228x128_15_RET_96370d545a.png",
      "price": 4.99,
      "quantity": 0.405,
      "unitPrice": 12.3
    },
    {
      "name": "Urban Eats Malaysian Style Laksa Soup Kit",
      "url": "https://www.aldi.com.au/groceries/limited-time-only/limited-time-only-detail-1/ps/p/urban-eats-malaysian-style-laksa-soup-kit-405g/",
      "img": "https://www.aldi.com.au/fileadmin/_processed_/6/f/csm_1003003_7_LTO_Q2_1x1_228x128_16_RET_1a2af8a202.png",
      "price": 4.99,
      "quantity": 0.405,
      "unitPrice": 12.3
    },
    {
      "name": "Pure Valley Salted Butter",
      "url": "https://www.aldi.com.au/groceries/fresh-produce/dairy-eggs/dairy-eggs-detail/ps/p/pure-valley-salted-butter-500g/",
      "img": "https://www.aldi.com.au/fileadmin/_processed_/8/d/csm_1001829-2_Q1-WEB-AUDIT_DAIRY-EGGS_1x1_228x128_17_RET_7e86fead05.png",
      "price": 6.39,
      "quantity": 0.5,
      "unitPrice": 12.8
    },
    {
      "name": "Pure Valley Unsalted Butter",
      "url": "https://www.aldi.com.au/groceries/fresh-produce/dairy-eggs/dairy-eggs-detail/ps/p/pure-valley-unsalted-butter-500g/",
      "img": "https://www.aldi.com.au/fileadmin/_processed_/1/a/csm_1001829-2_Q1-WEB-AUDIT_DAIRY-EGGS_1x1_228x128_18_RET_261473b1fc.png",
      "price": 6.39,
      "quantity": 0.5,
      "unitPrice": 12.8
    },
    {
      "name": "Westacre Dairy Shredded Tasty Cheese",
      "url": "https://www.aldi.com.au/groceries/fresh-produce/dairy-eggs/dairy-eggs-detail/ps/p/westacre-dairy-shredded-tasty-cheese-700g/",
      "img": "https://www.aldi.com.au/fileadmin/_processed_/4/f/csm_1001605-3_1x1_Q4_WEB-AUDIT_DAIRY_228x128_9_2d50859a75.jpg",
      "price": 8.99,
      "quantity": 0.7,
      "unitPrice": 12.84
    },
    {
      "name": "Ready, Set…Cook! Lamb Shanks per",
      "url": "https://www.aldi.com.au/groceries/limited-time-only/limited-time-only-detail-1/ps/p/ready-setcook-lamb-shanks-per-kg/",
      "img": "https://www.aldi.com.au/fileadmin/_processed_/9/4/csm_1003319-6_LTO_1x1_228x128_20_RET_9b6b677689.png",
      "price": 12.99,
      "quantity": 1,
      "unitPrice": 12.99
    },
    {
      "name": "Bavarian Pretzels or Sticks",
      "url": "https://www.aldi.com.au/groceries/limited-time-only/limited-time-only-detail-1/ps/p/bavarian-pretzels-or-sticks-498g/",
      "img": "https://www.aldi.com.au/fileadmin/_processed_/a/f/csm_1003319-6_LTO_1x1_228x128_41_RET_a808c9fdc1.png",
      "price": 6.49,
      "quantity": 0.498,
      "unitPrice": 13
    },
    {
      "name": "Remano Extra Virgin Olive Oil",
      "url": "https://www.aldi.com.au/groceries/pantry/olive-oil/olive-oil-detail/ps/p/remano-extra-virgin-olive-oil-378l/",
      "img": "https://www.aldi.com.au/fileadmin/_processed_/e/7/csm_1001829-1_Q1-WEB-AUDIT_OLIVE-OIL_1x1_228x128_3_RET_ffea12a2a5.png",
      "price": 49.99,
      "quantity": 3.78,
      "unitPrice": 13.2
    },
    {
      "name": "Yoguri High Protein Cup Vanilla",
      "url": "https://www.aldi.com.au/groceries/fresh-produce/dairy-eggs/dairy-eggs-detail/ps/p/yoguri-high-protein-cup-vanilla-160g/",
      "img": "https://www.aldi.com.au/fileadmin/_processed_/9/9/csm_1002370-4_Q3_WEB_AUDIT_1x1_228x128_41_RET_551789620c.png",
      "price": 2.19,
      "quantity": 0.16,
      "unitPrice": 13.7
    },
    {
      "name": "Yoguri High Protein Cup Strawberry",
      "url": "https://www.aldi.com.au/groceries/fresh-produce/dairy-eggs/dairy-eggs-detail/ps/p/yoguri-high-protein-cup-strawberry-160g/",
      "img": "https://www.aldi.com.au/fileadmin/_processed_/b/1/csm_1002370-4_Q3_WEB_AUDIT_1x1_228x128_42_RET_935024336c.png",
      "price": 2.19,
      "quantity": 0.16,
      "unitPrice": 13.7
    },
    {
      "name": "Yoguri High Protein Cup Salted Caramel",
      "url": "https://www.aldi.com.au/groceries/fresh-produce/dairy-eggs/dairy-eggs-detail/ps/p/yoguri-high-protein-cup-salted-caramel-160g/",
      "img": "https://www.aldi.com.au/fileadmin/_processed_/3/c/csm_1002370-4_Q3_WEB_AUDIT_1x1_228x128_43_RET_4bcba0aa60.png",
      "price": 2.19,
      "quantity": 0.16,
      "unitPrice": 13.7
    },
    {
      "name": "Westacre Dairy Tasty Cheese Block",
      "url": "https://www.aldi.com.au/groceries/fresh-produce/dairy-eggs/dairy-eggs-detail/ps/p/westacre-dairy-tasty-cheese-block-500g/",
      "img": "https://www.aldi.com.au/fileadmin/_processed_/6/7/csm_1003235_DIAA_AWARDS_UPDATE_1x1_228x128_2_RET_3df9d8a7cb.png",
      "price": 6.99,
      "quantity": 0.5,
      "unitPrice": 13.98
    },
    {
      "name": "Westacre Dairy Vintage Cheese Block",
      "url": "https://www.aldi.com.au/groceries/fresh-produce/dairy-eggs/dairy-eggs-detail/ps/p/westacre-dairy-vintage-cheese-block-500g/",
      "img": "https://www.aldi.com.au/fileadmin/_processed_/3/d/csm_1003235_DIAA_AWARDS_UPDATE_1x1_228x128_1_RET_5899c0e8b3.png",
      "price": 6.99,
      "quantity": 0.5,
      "unitPrice": 13.98
    },
    {
      "name": "Westacre Colby Cheese Block",
      "url": "https://www.aldi.com.au/groceries/fresh-produce/dairy-eggs/dairy-eggs-detail/ps/p/westacre-colby-cheese-block-500g-1/",
      "img": "https://www.aldi.com.au/fileadmin/_processed_/2/0/csm_1002370-4_Q3_WEB_AUDIT_1x1_228x128_16_RET_703e76ddae.png",
      "price": 6.99,
      "quantity": 0.5,
      "unitPrice": 13.98
    },
    {
      "name": "Food Envy Italian Family Desserts",
      "url": "https://www.aldi.com.au/groceries/fresh-produce/dairy-eggs/dairy-eggs-detail/ps/p/food-envy-italian-family-desserts-500g/",
      "img": "https://www.aldi.com.au/fileadmin/_processed_/6/7/csm_ALN3354_Q2-WEB-AUDIT_1x1_228x128_20_e179d3de73.jpg",
      "price": 6.99,
      "quantity": 0.5,
      "unitPrice": 14
    },
    {
      "name": "Chocolate Stampede Dairy Snack",
      "url": "https://www.aldi.com.au/groceries/fresh-produce/dairy-eggs/dairy-eggs-detail/ps/p/chocolate-stampede-dairy-snack-140g/",
      "img": "https://www.aldi.com.au/fileadmin/_processed_/7/c/csm_1000855_ALN-10_1x1_Q1_WEB-AUDIT_228x128_44_cf59506f2c.jpg",
      "price": 1.99,
      "quantity": 0.14,
      "unitPrice": 14.2
    },
    {
      "name": "Kenny’s Frozen Dessert",
      "url": "https://www.aldi.com.au/groceries/freezer/freezer-detail/ps/p/kennys-frozen-dessert-475ml/",
      "img": "https://www.aldi.com.au/fileadmin/_processed_/8/a/csm_ALN2853_FROZEN_FOOD_1x1_228x128_8_9f7343f381.jpg",
      "price": 6.99,
      "quantity": 0.475,
      "unitPrice": 14.7
    },
    {
      "name": "Pure Valley Salted Butter",
      "url": "https://www.aldi.com.au/groceries/fresh-produce/dairy-eggs/dairy-eggs-detail/ps/p/pure-valley-salted-butter-250g/",
      "img": "https://www.aldi.com.au/fileadmin/_processed_/b/b/csm_1001829-2_Q1-WEB-AUDIT_DAIRY-EGGS_1x1_228x128_16_RET_0f56ec1950.png",
      "price": 3.69,
      "quantity": 0.249,
      "unitPrice": 14.8
    },
    {
      "name": "Pure Valley Unsalted Butter",
      "url": "https://www.aldi.com.au/groceries/fresh-produce/dairy-eggs/dairy-eggs-detail/ps/p/pure-valley-unsalted-butter-250g/",
      "img": "https://www.aldi.com.au/fileadmin/_processed_/d/9/csm_1002370-4_Q3_WEB_AUDIT_1x1_228x128_1_RET_d754957e61.png",
      "price": 3.69,
      "quantity": 0.249,
      "unitPrice": 14.8
    },
    {
      "name": "Urban Eats Vietnamese Style Beef Pho Soup Kit",
      "url": "https://www.aldi.com.au/groceries/limited-time-only/limited-time-only-detail-1/ps/p/urban-eats-vietnamese-style-beef-pho-soup-kit-335g/",
      "img": "https://www.aldi.com.au/fileadmin/_processed_/f/a/csm_1003003_7_LTO_Q2_1x1_228x128_14_RET_b88fa86034.png",
      "price": 4.99,
      "quantity": 0.335,
      "unitPrice": 14.9
    },
    {
      "name": "Emporium Selection Danish Style Fetta Cheese",
      "url": "https://www.aldi.com.au/groceries/fresh-produce/dairy-eggs/dairy-eggs-detail/ps/p/emporium-selection-danish-style-fetta-cheese-200g/",
      "img": "https://www.aldi.com.au/fileadmin/_processed_/b/a/csm_ALN1000838-3_AWARDS_1x1_228x128_2_1aad9b5636.jpg",
      "price": 2.99,
      "quantity": 0.2,
      "unitPrice": 14.95
    },
    {
      "name": "Emporium Selection Greek Style Fetta Cheese",
      "url": "https://www.aldi.com.au/groceries/fresh-produce/dairy-eggs/dairy-eggs-detail/ps/p/emporium-selection-greek-style-fetta-cheese-200g/",
      "img": "https://www.aldi.com.au/fileadmin/_processed_/d/c/csm_ALN1000838-3_AWARDS_1x1_228x128_3_4dceb380af.jpg",
      "price": 2.99,
      "quantity": 0.2,
      "unitPrice": 14.95
    },
    {
      "name": "The Whistling Butcher Chicken, Fetta & Spinach Sausage Rolls",
      "url": "https://www.aldi.com.au/groceries/limited-time-only/limited-time-only-detail-1/ps/p/the-whistling-butcher-chicken-fetta-spinach-sausage-rolls-600g/",
      "img": "https://www.aldi.com.au/fileadmin/_processed_/a/f/csm_1003319-6_LTO_1x1_228x128_1_RET_2213a57278.png",
      "price": 8.99,
      "quantity": 0.6,
      "unitPrice": 14.98
    },
    {
      "name": "Farmwood Chicken Kyiv Balls with Cheesy Garlic Butter",
      "url": "https://www.aldi.com.au/groceries/limited-time-only/limited-time-only-detail-1/ps/p/farmwood-chicken-kyiv-balls-with-cheesy-garlic-butter-400g/",
      "img": "https://www.aldi.com.au/fileadmin/_processed_/9/6/csm_1003319-6_LTO_1x1_228x128_23_RET_900161711a.png",
      "price": 5.99,
      "quantity": 0.4,
      "unitPrice": 14.98
    },
    {
      "name": "Westacre Dairy Tasty Cheese Slices",
      "url": "https://www.aldi.com.au/groceries/fresh-produce/dairy-eggs/dairy-eggs-detail/ps/p/westacre-dairy-tasty-cheese-slices-500g/",
      "img": "https://www.aldi.com.au/fileadmin/_processed_/7/5/csm_1001605-3_1x1_Q4_WEB-AUDIT_DAIRY_228x128_11_4220d0af78.jpg",
      "price": 7.49,
      "quantity": 0.5,
      "unitPrice": 14.98
    },
    {
      "name": "Lillydale Free Range Boneless Butterflied Chicken per",
      "url": "https://www.aldi.com.au/groceries/super-savers/super-savers-detail/ps/p/lillydale-free-range-boneless-butterflied-chicken-per-kg/",
      "img": "https://www.aldi.com.au/fileadmin/_processed_/b/8/csm_3424_SSV_MEAT_1x1_2_RET_df1c96fbce.png",
      "price": 14.99,
      "quantity": 1,
      "unitPrice": 14.99
    },
    {
      "name": "Urban Eats Honey Soy Chicken Dumplings",
      "url": "https://www.aldi.com.au/groceries/limited-time-only/limited-time-only-detail-1/ps/p/urban-eats-honey-soy-chicken-dumplings-600g/",
      "img": "https://www.aldi.com.au/fileadmin/_processed_/e/e/csm_1003319-6_LTO_1x1_228x128_42_RET_06bdb9810b.png",
      "price": 8.99,
      "quantity": 0.6,
      "unitPrice": 15
    },
    {
      "name": "Lodge Farms Organic Free Range Eggs",
      "url": "https://www.aldi.com.au/groceries/fresh-produce/dairy-eggs/dairy-eggs-detail/ps/p/lodge-farms-organic-free-range-eggs-6pk/300g/",
      "img": "https://www.aldi.com.au/fileadmin/_processed_/8/8/csm_1002807-6_Q1-WEB-AUDIT_1x1__DAIRY-EGGS__228x128_1_RET_0b321d8cfa.png",
      "price": 4.49,
      "quantity": 0.3,
      "unitPrice": 15
    },
    {
      "name": "Specially Selected 4 Cheese Ravioli",
      "url": "https://www.aldi.com.au/groceries/limited-time-only/limited-time-only-detail-1/ps/p/specially-selected-4-cheese-ravioli-500g/",
      "img": "https://www.aldi.com.au/fileadmin/_processed_/f/6/csm_1003319-6_LTO_1x1_228x128_5_RET_63f351de60.png",
      "price": 7.99,
      "quantity": 0.5,
      "unitPrice": 16
    },
    {
      "name": "Specially Selected Ricotta & Spinach Ravioli",
      "url": "https://www.aldi.com.au/groceries/limited-time-only/limited-time-only-detail-1/ps/p/specially-selected-ricotta-spinach-ravioli-500g/",
      "img": "https://www.aldi.com.au/fileadmin/_processed_/2/3/csm_1003319-6_LTO_1x1_228x128_21_RET_6a255a902f.png",
      "price": 7.99,
      "quantity": 0.5,
      "unitPrice": 16
    },
    {
      "name": "Food Envy Mini Dutch Pancakes",
      "url": "https://www.aldi.com.au/groceries/fresh-produce/dairy-eggs/dairy-eggs-detail/ps/p/food-envy-mini-dutch-pancakes-250g/",
      "img": "https://www.aldi.com.au/fileadmin/_processed_/3/7/csm_ALN3354_Q2-WEB-AUDIT_1x1_228x128_18_689098131d.jpg",
      "price": 3.99,
      "quantity": 0.25,
      "unitPrice": 16
    },
    {
      "name": "Farmwood Louisiana Style RSPCA Approved Chicken Breast Burgers",
      "url": "https://www.aldi.com.au/groceries/limited-time-only/limited-time-only-detail-1/ps/p/farmwood-louisiana-style-rspca-approved-chicken-breast-burgers-600g/",
      "img": "https://www.aldi.com.au/fileadmin/_processed_/4/a/csm_1003319-6_LTO_1x1_228x128_25_RET_76f10ce87b.png",
      "price": 9.99,
      "quantity": 0.6,
      "unitPrice": 16.65
    },
    {
      "name": "Remano Extra Virgin Olive Oil",
      "url": "https://www.aldi.com.au/groceries/pantry/olive-oil/olive-oil-detail/ps/p/remano-extra-virgin-olive-oil-750ml/",
      "img": "https://www.aldi.com.au/fileadmin/_processed_/8/5/csm_1001829-1_Q1-WEB-AUDIT_OLIVE-OIL_1x1_228x128_7_RET_2db0218ccb.png",
      "price": 12.79,
      "quantity": 0.75,
      "unitPrice": 17.1
    },
    {
      "name": "Specially Selected Eggplant Parmigiana",
      "url": "https://www.aldi.com.au/groceries/limited-time-only/limited-time-only-detail-1/ps/p/specially-selected-eggplant-parmigiana-400g/",
      "img": "https://www.aldi.com.au/fileadmin/_processed_/4/5/csm_1003319-6_LTO_1x1_228x128_22_RET_b81f65c598.png",
      "price": 6.99,
      "quantity": 0.4,
      "unitPrice": 17.5
    },
    {
      "name": "The Best Margherita Frozen Pizza Ever",
      "url": "https://www.aldi.com.au/groceries/freezer/freezer-detail/ps/p/the-best-margherita-pizza-ever-365g/",
      "img": "https://www.aldi.com.au/fileadmin/_processed_/f/5/csm_ALN2626_MARGHERITA_PIZZA_1x1_228x128_8650b67446.jpg",
      "price": 6.49,
      "quantity": 0.365,
      "unitPrice": 17.8
    },
    {
      "name": "Kāpiti Nelson Boysenberry Ice Cream",
      "url": "https://www.aldi.com.au/groceries/limited-time-only/limited-time-only-detail-1/ps/p/kapiti-nelson-boysenberry-ice-cream-4pk/420ml/",
      "img": "https://www.aldi.com.au/fileadmin/_processed_/b/8/csm_1003319-6_LTO_1x1_228x128_12_RET_d6e37dbca3.png",
      "price": 7.49,
      "quantity": 0.42,
      "unitPrice": 17.8
    },
    {
      "name": "Sweet Haven Portuguese Tarts",
      "url": "https://www.aldi.com.au/groceries/limited-time-only/limited-time-only-detail-1/ps/p/sweet-haven-portuguese-tarts-4pk/280g/",
      "img": "https://www.aldi.com.au/fileadmin/_processed_/e/d/csm_1003319-6_LTO_1x1_228x128_28_RET_6104412feb.png",
      "price": 4.99,
      "quantity": 0.28,
      "unitPrice": 17.8
    },
    {
      "name": "Emporium Selection Apricot & Almond Cream Cheese",
      "url": "https://www.aldi.com.au/groceries/fresh-produce/dairy-eggs/dairy-eggs-detail/ps/p/emporium-selection-apricot-almond-cream-cheese-200-1/",
      "img": "https://www.aldi.com.au/fileadmin/_processed_/7/2/csm_ALN2853_AWARDS_CHEESE_1x1_228x128_5_c01878d297.jpg",
      "price": 3.59,
      "quantity": 0.2,
      "unitPrice": 17.95
    },
    {
      "name": "Westacre Dairy Shredded Tasty Cheese",
      "url": "https://www.aldi.com.au/groceries/fresh-produce/dairy-eggs/dairy-eggs-detail/ps/p/westacre-dairy-shredded-tasty-cheese-250g/",
      "img": "https://www.aldi.com.au/fileadmin/_processed_/5/a/csm_1001605-3_1x1_Q4_WEB-AUDIT_DAIRY_228x128_8_f76acd5233.jpg",
      "price": 4.49,
      "quantity": 0.25,
      "unitPrice": 17.96
    },
    {
      "name": "Jindurra Station Beef Round Steak per",
      "url": "https://www.aldi.com.au/groceries/super-savers/super-savers-detail/ps/p/jindurra-station-beef-round-steak-per-kg-5/",
      "img": "https://www.aldi.com.au/fileadmin/_processed_/f/a/csm_3324_SSV_MEAT_1x1_2_RET_bcbb04ba16.png",
      "price": 17.99,
      "quantity": 1,
      "unitPrice": 17.99
    },
    {
      "name": "The Olive Tree Australian Extra Virgin Olive Oil",
      "url": "https://www.aldi.com.au/groceries/pantry/olive-oil/olive-oil-detail/ps/p/the-olive-tree-australian-extra-virgin-olive-oil-1l/",
      "img": "https://www.aldi.com.au/fileadmin/_processed_/3/7/csm_1003124-11_Q2-WEB-AUDIT__OLIVE-OIL__1_1x1_1a_RET_9fcf2ba321.jpg",
      "price": 17.99,
      "quantity": 1,
      "unitPrice": 18
    },
    {
      "name": "Pure Valley Salted Organic Butter",
      "url": "https://www.aldi.com.au/groceries/fresh-produce/dairy-eggs/dairy-eggs-detail/ps/p/pure-valley-salted-organic-butter-250g/",
      "img": "https://www.aldi.com.au/fileadmin/_processed_/7/5/csm_1001829-2_Q1-WEB-AUDIT_DAIRY-EGGS_1x1_228x128_15_RET_9438d26360.png",
      "price": 4.49,
      "quantity": 0.249,
      "unitPrice": 18
    },
    {
      "name": "Ready, Set…Cook! BBQ Pork Ribs",
      "url": "https://www.aldi.com.au/groceries/limited-time-only/limited-time-only-detail-1/ps/p/ready-setcook-bbq-pork-ribs-650g/",
      "img": "https://www.aldi.com.au/fileadmin/_processed_/3/7/csm_1003319-6_LTO_1x1_228x128_16_RET_51851c2855.png",
      "price": 11.99,
      "quantity": 0.65,
      "unitPrice": 18.45
    },
    {
      "name": "Ocean Royale Pretzel Coated Fish Bites",
      "url": "https://www.aldi.com.au/groceries/limited-time-only/limited-time-only-detail-1/ps/p/ocean-royale-pretzel-coated-fish-bites-264g/",
      "img": "https://www.aldi.com.au/fileadmin/_processed_/0/1/csm_1003319-6_LTO_1x1_228x128_18_RET_425eb32f2c.png",
      "price": 4.99,
      "quantity": 0.264,
      "unitPrice": 18.9
    },
    {
      "name": "Ocean Royale Beer Battered Fish Bites",
      "url": "https://www.aldi.com.au/groceries/limited-time-only/limited-time-only-detail-1/ps/p/ocean-royale-beer-battered-fish-bites-264g/",
      "img": "https://www.aldi.com.au/fileadmin/_processed_/6/8/csm_1003319-6_LTO_1x1_228x128_29_RET_6c801b6d63.png",
      "price": 4.99,
      "quantity": 0.264,
      "unitPrice": 18.9
    },
    {
      "name": "Oh So Natural Extra Virgin Olive Oil",
      "url": "https://www.aldi.com.au/groceries/pantry/olive-oil/olive-oil-detail/ps/p/oh-so-natural-extra-virgin-olive-oil-500ml/",
      "img": "https://www.aldi.com.au/fileadmin/_processed_/f/b/csm_1001829-1_Q1-WEB-AUDIT_OLIVE-OIL_1x1_228x128_6_RET_0c76787869.png",
      "price": 9.49,
      "quantity": 0.5,
      "unitPrice": 19
    },
    {
      "name": "Emporium Selection Camembert",
      "url": "https://www.aldi.com.au/groceries/fresh-produce/dairy-eggs/dairy-eggs-detail/ps/p/emporium-selection-camembert-125g-2/",
      "img": "https://www.aldi.com.au/fileadmin/_processed_/b/0/csm_ALN2364_AWARDS_CHEESE_1x1_228x128_4_7e62db58f8.jpg",
      "price": 2.49,
      "quantity": 0.125,
      "unitPrice": 19.92
    },
    {
      "name": "Emporium Selection Brie",
      "url": "https://www.aldi.com.au/groceries/fresh-produce/dairy-eggs/dairy-eggs-detail/ps/p/emporium-selection-brie-125g/",
      "img": "https://www.aldi.com.au/fileadmin/_processed_/b/0/csm_ALN2364_AWARDS_CHEESE_1x1_228x128_5_7b82c5e783.jpg",
      "price": 2.49,
      "quantity": 0.125,
      "unitPrice": 19.92
    },
    {
      "name": "Emporium Selection Burger Slices",
      "url": "https://www.aldi.com.au/groceries/limited-time-only/limited-time-only-detail-1/ps/p/emporium-selection-burger-slices-200g/",
      "img": "https://www.aldi.com.au/fileadmin/_processed_/b/6/csm_1003319-6_LTO_1x1_228x128_15_RET_70baf6cb00.png",
      "price": 3.99,
      "quantity": 0.2,
      "unitPrice": 19.95
    },
    {
      "name": "Farmwood Louisiana Style RSPCA Approved Chicken Breast Tenders",
      "url": "https://www.aldi.com.au/groceries/limited-time-only/limited-time-only-detail-1/ps/p/farmwood-louisiana-style-rspca-approved-chicken-breast-tenders-500g/",
      "img": "https://www.aldi.com.au/fileadmin/_processed_/c/2/csm_1003319-6_LTO_1x1_228x128_9_RET_7552dbd471.png",
      "price": 9.99,
      "quantity": 0.5,
      "unitPrice": 19.98
    },
    {
      "name": "Farmwood Nashville Style RSPCA Approved Chicken Tenders",
      "url": "https://www.aldi.com.au/groceries/limited-time-only/limited-time-only-detail-1/ps/p/farmwood-nashville-style-rspca-approved-chicken-tenders-500g/",
      "img": "https://www.aldi.com.au/fileadmin/_processed_/3/8/csm_1003319-6_LTO_1x1_228x128_24_RET_d07a23eb81.png",
      "price": 9.99,
      "quantity": 0.5,
      "unitPrice": 19.98
    },
    {
      "name": "Bruemar Marinated Pork Ribs per",
      "url": "https://www.aldi.com.au/groceries/super-savers/super-savers-detail/ps/p/bruemar-marinated-pork-ribs-per-kg-1/",
      "img": "https://www.aldi.com.au/fileadmin/_processed_/6/4/csm_3324_SSV_MEAT_1x1_3_RET_7a9bbcc615.png",
      "price": 19.99,
      "quantity": 1,
      "unitPrice": 19.99
    },
    {
      "name": "Storck Knoppers Peanut Wafer",
      "url": "https://www.aldi.com.au/groceries/limited-time-only/limited-time-only-detail-1/ps/p/storck-knoppers-peanut-wafer-8pk/200g/",
      "img": "https://www.aldi.com.au/fileadmin/_processed_/2/7/csm_1003319-6_LTO_1x1_228x128_32_RET_5110bf6a1b.png",
      "price": 3.99,
      "quantity": 0.2,
      "unitPrice": 20
    },
    {
      "name": "Farmdale Whipped Cream",
      "url": "https://www.aldi.com.au/groceries/fresh-produce/dairy-eggs/dairy-eggs-detail/ps/p/farmdale-whipped-cream-250g/",
      "img": "https://www.aldi.com.au/fileadmin/_processed_/0/9/csm_1001605-3_1x1_Q4_WEB-AUDIT_DAIRY_228x128_17_f0f9888018.jpg",
      "price": 5.29,
      "quantity": 0.25,
      "unitPrice": 21.2
    },
    {
      "name": "Vanilla Flavoured Custard Pouch",
      "url": "https://www.aldi.com.au/groceries/fresh-produce/dairy-eggs/dairy-eggs-detail/ps/p/vanilla-flavoured-custard-pouch-70g/",
      "img": "https://www.aldi.com.au/fileadmin/_processed_/1/2/csm_1000855_ALN-10_1x1_Q1_WEB-AUDIT_228x128_45_393cc4c77a.jpg",
      "price": 1.49,
      "quantity": 0.07,
      "unitPrice": 21.3
    },
    {
      "name": "Chocolate Flavoured Custard Pouch",
      "url": "https://www.aldi.com.au/groceries/fresh-produce/dairy-eggs/dairy-eggs-detail/ps/p/chocolate-flavoured-custard-pouch-70g/",
      "img": "https://www.aldi.com.au/fileadmin/_processed_/9/1/csm_1000855_ALN-10_1x1_Q1_WEB-AUDIT_228x128_46_6b0caf328d.jpg",
      "price": 1.49,
      "quantity": 0.07,
      "unitPrice": 21.3
    },
    {
      "name": "Specially Selected Ham, Mushroom and Fior Di Latte Mozzarella Wood Fired Pizza",
      "url": "https://www.aldi.com.au/groceries/limited-time-only/limited-time-only-detail-1/ps/p/specially-selected-ham-mushroom-and-fior-di-latte-mozzarella-wood-fired-pizza-420g/",
      "img": "https://www.aldi.com.au/fileadmin/_processed_/d/8/csm_1003319-6_LTO_1x1_228x128_36_RET_7140d27d19.png",
      "price": 8.99,
      "quantity": 0.42,
      "unitPrice": 21.4
    },
    {
      "name": "Specially Selected Calabrese Salami and Roasted Red Pepper Wood Fired Pizza",
      "url": "https://www.aldi.com.au/groceries/limited-time-only/limited-time-only-detail-1/ps/p/specially-selected-calabrese-salami-and-roasted-red-pepper-wood-fired-pizza-420g/",
      "img": "https://www.aldi.com.au/fileadmin/_processed_/b/5/csm_1003319-6_LTO_1x1_228x128_37_RET_9b2c41ae37.png",
      "price": 8.99,
      "quantity": 0.42,
      "unitPrice": 21.4
    },
    {
      "name": "Westacre Dairy Tasty Cheese Block",
      "url": "https://www.aldi.com.au/groceries/fresh-produce/dairy-eggs/dairy-eggs-detail/ps/p/westacre-dairy-tasty-cheese-block-250g/",
      "img": "https://www.aldi.com.au/fileadmin/_processed_/9/1/csm_1001605-3_1x1_Q4_WEB-AUDIT_DAIRY_228x128_20_d147c7837d.jpg",
      "price": 5.49,
      "quantity": 0.25,
      "unitPrice": 21.96
    },
    {
      "name": "Westacre Dairy Shredded Parmesan Cheese",
      "url": "https://www.aldi.com.au/groceries/fresh-produce/dairy-eggs/dairy-eggs-detail/ps/p/westacre-dairy-shredded-parmesan-cheese-250g/",
      "img": "https://www.aldi.com.au/fileadmin/_processed_/a/8/csm_1003235_DIAA_AWARDS_UPDATE_1x1_228x128_3_RET_3c30b136d3.png",
      "price": 5.49,
      "quantity": 0.25,
      "unitPrice": 21.96
    },
    {
      "name": "Westacre Dairy Vintage Cheese Slices",
      "url": "https://www.aldi.com.au/groceries/fresh-produce/dairy-eggs/dairy-eggs-detail/ps/p/westacre-dairy-vintage-cheese-slices-250g/",
      "img": "https://www.aldi.com.au/fileadmin/_processed_/f/a/csm_1001605-3_1x1_Q4_WEB-AUDIT_DAIRY_228x128_6_b81d1303b8.jpg",
      "price": 5.49,
      "quantity": 0.25,
      "unitPrice": 21.96
    },
    {
      "name": "Westacre Dairy Tasty Cheese Slices",
      "url": "https://www.aldi.com.au/groceries/fresh-produce/dairy-eggs/dairy-eggs-detail/ps/p/westacre-dairy-tasty-cheese-slices-250g/",
      "img": "https://www.aldi.com.au/fileadmin/_processed_/9/2/csm_1001605-3_1x1_Q4_WEB-AUDIT_DAIRY_228x128_7_d1a1e356c8.jpg",
      "price": 5.49,
      "quantity": 0.25,
      "unitPrice": 21.96
    },
    {
      "name": "Emporium Selection Persian Fetta",
      "url": "https://www.aldi.com.au/groceries/fresh-produce/dairy-eggs/dairy-eggs-detail/ps/p/emporium-selection-persian-fetta-180g/",
      "img": "https://www.aldi.com.au/fileadmin/_processed_/1/4/csm_ALN2364_AWARDS_CHEESE_1x1_228x128_6_174dc7f242.jpg",
      "price": 3.99,
      "quantity": 0.18,
      "unitPrice": 22.17
    },
    {
      "name": "The Olive Tree Extra Virgin Olive Oil Spray",
      "url": "https://www.aldi.com.au/groceries/pantry/olive-oil/olive-oil-detail/ps/p/the-olive-tree-extra-virgin-olive-oil-s/",
      "img": "https://www.aldi.com.au/fileadmin/_processed_/3/0/csm_1003124-11_Q2-WEB-AUDIT__OLIVE-OIL__3_1x1_2a_RET_70229bf230.jpg",
      "price": 4.99,
      "quantity": 0.225,
      "unitPrice": 22.2
    },
    {
      "name": "Snackers Market Cheese Strips",
      "url": "https://www.aldi.com.au/groceries/fresh-produce/dairy-eggs/dairy-eggs-detail/ps/p/snackers-market-cheese-strips-8pk168g/",
      "img": "https://www.aldi.com.au/fileadmin/_processed_/e/0/csm_1001605-11_1x1_Q4_WEB-AUDIT_SNACKS_228x128_6_3346493ff5.jpg",
      "price": 3.79,
      "quantity": 0.168,
      "unitPrice": 22.56
    },
    {
      "name": "Thomas Farms Mini Lamb Leg per",
      "url": "https://www.aldi.com.au/groceries/super-savers/super-savers-detail/ps/p/thomas-farms-mini-lamb-leg-per-kg/",
      "img": "https://www.aldi.com.au/fileadmin/_processed_/5/e/csm_3324_SSV_MEAT_1x1_1_RET_b6c2174b8c.png",
      "price": 22.99,
      "quantity": 1,
      "unitPrice": 22.99
    },
    {
      "name": "Storck Toffifee",
      "url": "https://www.aldi.com.au/groceries/limited-time-only/limited-time-only-detail-1/ps/p/storck-toffifee-125g/",
      "img": "https://www.aldi.com.au/fileadmin/_processed_/c/b/csm_1003003_7_LTO_Q2_1x1_228x128_28_RET_90b1cf1ec1.png",
      "price": 2.99,
      "quantity": 0.125,
      "unitPrice": 23.9
    },
    {
      "name": "Emporium Selection Double Cream Camembert",
      "url": "https://www.aldi.com.au/groceries/fresh-produce/dairy-eggs/dairy-eggs-detail/ps/p/emporium-selection-double-cream-camembert-200g-7/",
      "img": "https://www.aldi.com.au/fileadmin/_processed_/b/8/csm_ALN2364_AWARDS_CHEESE_1x1_228x128_2_8d758e7d17.jpg",
      "price": 4.99,
      "quantity": 0.2,
      "unitPrice": 24.95
    },
    {
      "name": "Emporium Selection Triple Cream Brie",
      "url": "https://www.aldi.com.au/groceries/fresh-produce/dairy-eggs/dairy-eggs-detail/ps/p/emporium-selection-triple-cream-brie-200g-7/",
      "img": "https://www.aldi.com.au/fileadmin/_processed_/9/5/csm_ALN2364_AWARDS_CHEESE_1x1_228x128_3_04cfd83d8a.jpg",
      "price": 4.99,
      "quantity": 0.2,
      "unitPrice": 24.95
    },
    {
      "name": "Luv-A-Duck Peking Duck Breast",
      "url": "https://www.aldi.com.au/groceries/super-savers/super-savers-detail/ps/p/luv-a-duck-peking-duck-breast-360g/",
      "img": "https://www.aldi.com.au/fileadmin/_processed_/3/1/csm_3424_SSV_MEAT_1x1_4_RET_3d8f55cdd3.png",
      "price": 12.99,
      "quantity": 0.36,
      "unitPrice": 36.08
    },
    {
      "name": "The Fishmonger Salmon Gravlax",
      "url": "https://www.aldi.com.au/groceries/super-savers/super-savers-detail/ps/p/the-fishmonger-salmon-gravlax-250g-12/",
      "img": "https://www.aldi.com.au/fileadmin/_processed_/a/5/csm_3424_SSV_MEAT_1x1_1_RET_0dfb2e36f3.png",
      "price": 10.99,
      "quantity": 0.25,
      "unitPrice": 43.96
    },
    {
      "name": "Snackers Market Cheese & Pretzels",
      "url": "https://www.aldi.com.au/groceries/fresh-produce/dairy-eggs/dairy-eggs-detail/ps/p/snackers-market-cheese-pretzels-40g/",
      "img": "https://www.aldi.com.au/fileadmin/_processed_/9/4/csm_1001605-11_1x1_Q4_WEB-AUDIT_SNACKS_228x128_2_4884a9353e.jpg",
      "price": 1.99,
      "quantity": 0.04,
      "unitPrice": 49.75
    },
    {
      "name": "Snackers Market Cheese and Cabanossi",
      "url": "https://www.aldi.com.au/groceries/fresh-produce/dairy-eggs/dairy-eggs-detail/ps/p/snackers-market-cheese-and-cabanossi-50g/",
      "img": "https://www.aldi.com.au/fileadmin/_processed_/7/a/csm_1002179-1_Q2_WEB_AUDIT_1x1_228x128_33_RET_af67d8d840.png",
      "price": 2.79,
      "quantity": 0.05,
      "unitPrice": 55.8
    }
  ],
  "failedProductInfo": [
    {
      "name": "Inner Goodness - Barista Long Life Almond Unsweetened Milk",
      "url": "https://www.aldi.com.au/groceries/fresh-produce/dairy-eggs/dairy-eggs-detail/ps/p/inner-goodness-barista-long-life-almond-unsweetene/",
      "img": "https://www.aldi.com.au/fileadmin/_processed_/a/3/csm_1002370-4_Q3_WEB_AUDIT_1x1_228x128_47_RET_3633db1d3e.png",
      "price": 2.99,
      "quantity": 1,
      "unitPrice": 0.03
    },
    {
      "name": "Biocult Fermented Milk 5 x",
      "url": "https://www.aldi.com.au/groceries/fresh-produce/dairy-eggs/dairy-eggs-detail/ps/p/biocult-fermented-milk-5-x-65ml/",
      "img": "https://www.aldi.com.au/fileadmin/_processed_/e/c/csm_1002179-1_Q2_WEB_AUDIT_1x1_228x128_28_RET_587a6275b6.png",
      "price": 3.19,
      "quantity": 0.065,
      "unitPrice": 9.82
    },
    {
      "name": "Snackers Market Cheese Streamers",
      "url": "https://www.aldi.com.au/groceries/fresh-produce/dairy-eggs/dairy-eggs-detail/ps/p/snackers-market-cheese-streamers-160g/",
      "img": "https://www.aldi.com.au/fileadmin/_processed_/c/2/csm_1002179-1_Q2_WEB_AUDIT_1x1_228x128_32_RET_4443b0b53d.png",
      "price": 4.29,
      "quantity": 160,
      "unitPrice": 26.81
    },
    {
      "name": "Snackers Market Edam Gouda Squares",
      "url": "https://www.aldi.com.au/groceries/fresh-produce/dairy-eggs/dairy-eggs-detail/ps/p/snackers-market-edam-gouda-squares-100g/",
      "img": "https://www.aldi.com.au/fileadmin/_processed_/e/7/csm_1002179-1_Q2_WEB_AUDIT_1x1_228x128_34_RET_f042f8e7b4.png",
      "price": 2.99,
      "quantity": 0.02,
      "unitPrice": 29.9
    },
    {
      "name": "Snackers Market Salami, Cheese and Crackers",
      "url": "https://www.aldi.com.au/groceries/fresh-produce/dairy-eggs/dairy-eggs-detail/ps/p/snackers-market-salami-cheese-and-crackers-50g/",
      "img": "https://www.aldi.com.au/fileadmin/_processed_/f/5/csm_1002179-1_Q2_WEB_AUDIT_1x1_228x128_1_RET_cd596331f5.png",
      "price": 2.99,
      "quantity": 0.05,
      "unitPrice": 42.71
    },
    {
      "name": "Snackers Market Ham, Cheese and Crackers",
      "url": "https://www.aldi.com.au/groceries/fresh-produce/dairy-eggs/dairy-eggs-detail/ps/p/snackers-market-ham-cheese-and-crackers-50g/",
      "img": "https://www.aldi.com.au/fileadmin/_processed_/e/6/csm_1002370-4_Q3_WEB_AUDIT_1x1_228x128_3_RET_a909f891d9.png",
      "price": 2.99,
      "quantity": 0.05,
      "unitPrice": 49.83
    }
  ],
  "failedProduct": [],
  "failedSection": [],
  "scrapeSecond": 1.489
}
